@article{alard1998method,
  title={A method for optimal image subtraction},
  author={Alard, C and Lupton, Robert H},
  journal={The Astrophysical Journal},
  volume={503},
  number={1},
  pages={325},
  year={1998},
  publisher={IOP Publishing}
}
@article{zackay2017coaad,
  title={How to COAAD images. II. a coaddition image that is optimal for any purpose in the background-dominated noise limit},
  author={Zackay, Barak and Ofek, Eran O},
  journal={The Astrophysical Journal},
  volume={836},
  number={2},
  pages={188},
  year={2017},
  publisher={IOP Publishing}
}
@article{bailey2007find,
  title={How to find more supernovae with less work: Object classification techniques for difference imaging},
  author={Bailey, Stephen and Aragon, Cecilia and Romano, Raquel and Thomas, Rollin C and Weaver, Benjamin A and Wong, Daniel},
  journal={The Astrophysical Journal},
  volume={665},
  number={2},
  pages={1246},
  year={2007},
  publisher={IOP Publishing}
}
@article{sedaghat2018effective,
  title={Effective image differencing with convolutional neural networks for real-time transient hunting},
  author={Sedaghat, Nima and Mahabal, Ashish},
  journal={Monthly Notices of the Royal Astronomical Society},
  volume={476},
  number={4},
  pages={5365--5376},
  year={2018},
  publisher={Oxford University Press}
}
@article{duev2019real,
  title={Real-bogus classification for the zwicky transient facility using deep learning},
  author={Duev, Dmitry A and Mahabal, Ashish and Masci, Frank J and Graham, Matthew J and Rusholme, Ben and Walters, Richard and Karmarkar, Ishani and Frederick, Sara and Kasliwal, Mansi M and Rebbapragada, Umaa and others},
  journal={Monthly Notices of the Royal Astronomical Society},
  volume={489},
  number={3},
  pages={3582--3590},
  year={2019},
  publisher={Oxford University Press}
}

